<record><leader>00000cas a2200000 a 4500</leader><controlfield tag="001">10445211</controlfield><controlfield tag="008">840222d19211924ksudn ne      0   a0eng d</controlfield><datafield ind1=" " ind2=" " tag="010"><subfield code="a">sn 84029091 </subfield></datafield><datafield ind1=" " ind2=" " tag="040"><subfield code="a">KSH</subfield><subfield code="b">eng</subfield><subfield code="c">KSH</subfield><subfield code="d">NPT</subfield><subfield code="d">NSD</subfield><subfield code="d">OCL</subfield><subfield code="d">OCLCQ</subfield></datafield><datafield ind1=" " ind2=" " tag="042"><subfield code="a">msc</subfield></datafield><datafield ind1=" " ind2=" " tag="043"><subfield code="a">n-us-ks</subfield></datafield><datafield ind1="0" ind2=" " tag="130"><subfield code="a">Winfield daily free press (Winfield, Kan. : 1921)</subfield></datafield><datafield ind1="1" ind2="4" tag="245"><subfield code="a">The Winfield daily free press.</subfield></datafield><datafield ind1=" " ind2=" " tag="260"><subfield code="a">Winfield, Kan. :</subfield><subfield code="b">W.G. Anderson,</subfield><subfield code="c">1921-1924.</subfield></datafield><datafield ind1=" " ind2=" " tag="300"><subfield code="a">15 v. :</subfield><subfield code="b">ill. ;</subfield><subfield code="c">56 cm.</subfield></datafield><datafield ind1=" " ind2=" " tag="310"><subfield code="a">Daily (except Sunday)</subfield></datafield><datafield ind1="0" ind2=" " tag="362"><subfield code="a">Vol. 30, no. 183 (Jan. 3, 1921)-v. 35, no. 103 (Sept. 30, 1924).</subfield></datafield><datafield ind1=" " ind2=" " tag="580"><subfield code="a">Merged with: Winfield daily courier (Winfield, Kan. : 1889), to form: Winfield daily courier and the Winfield daily free press.</subfield></datafield><datafield ind1=" " ind2=" " tag="752"><subfield code="a">United States</subfield><subfield code="b">Kansas</subfield><subfield code="c">Cowley</subfield><subfield code="d">Winfield.</subfield></datafield><datafield ind1="0" ind2="0" tag="780"><subfield code="t">Winfield free press</subfield><subfield code="w">(DLC)sn 84029092</subfield></datafield><datafield ind1="1" ind2="7" tag="785"><subfield code="t">Winfield daily courier (Winfield, Kan. : 1889)</subfield><subfield code="w">(DLC)sn 84029086</subfield></datafield><datafield ind1="1" ind2="7" tag="785"><subfield code="t">Winfield daily courier and the Winfield daily free press</subfield><subfield code="w">(DLC)sn 84029088</subfield></datafield></record>